[gd_scene load_steps=8 format=2]

[ext_resource path="res://assets/image/btn_back.png" type="Texture" id=1]
[ext_resource path="res://assets/image/ic_score.png" type="Texture" id=2]
[ext_resource path="res://assets/image/bg_score.png" type="Texture" id=3]
[ext_resource path="res://assets/image/bg_header.png" type="Texture" id=4]
[ext_resource path="res://assets/font/Nunito-Black.ttf" type="DynamicFontData" id=5]
[ext_resource path="res://script/Header.gd" type="Script" id=6]

[sub_resource type="DynamicFont" id=1]
size = 30
use_mipmaps = true
use_filter = true
font_data = ExtResource( 5 )

[node name="Header" type="Control"]
anchor_right = 1.0
anchor_bottom = 0.0707819
script = ExtResource( 6 )
__meta__ = {
"_edit_use_anchors_": false
}

[node name="TextureRect" type="TextureRect" parent="."]
anchor_right = 1.0
margin_bottom = 98.0
mouse_filter = 2
texture = ExtResource( 4 )
stretch_mode = 1

[node name="BtnBack" type="Button" parent="."]
margin_left = -200.0
margin_top = 10.0
margin_right = -89.0
margin_bottom = 74.0
focus_mode = 0
shortcut_in_tooltip = false
enabled_focus_mode = 0
flat = true
__meta__ = {
"_edit_group_": true,
"_edit_use_anchors_": false
}

[node name="TextureRect" type="TextureRect" parent="BtnBack"]
anchor_left = 0.5
anchor_top = 0.5
anchor_right = 0.5
anchor_bottom = 0.5
margin_left = -58.5
margin_top = -37.0
margin_right = 64.5
margin_bottom = 43.0
mouse_filter = 2
texture = ExtResource( 1 )

[node name="Score" type="NinePatchRect" parent="."]
anchor_left = 0.5
anchor_right = 0.5
margin_left = -182.0
margin_top = 10.0
margin_right = 182.0
margin_bottom = 71.0
rect_min_size = Vector2( 81, 61 )
texture = ExtResource( 3 )
region_rect = Rect2( 1, 1, 79, 59 )
patch_margin_left = 39
patch_margin_top = 30
patch_margin_right = 40
patch_margin_bottom = 29
__meta__ = {
"_edit_group_": true,
"_edit_use_anchors_": false
}

[node name="Label" type="Label" parent="Score"]
anchor_right = 1.0
anchor_bottom = 1.0
rect_pivot_offset = Vector2( -236.806, 196.682 )
custom_fonts/font = SubResource( 1 )
text = "score: 12345"
align = 1
valign = 1
uppercase = true

[node name="Ic" type="TextureRect" parent="Score"]
anchor_top = 0.5
anchor_bottom = 0.5
margin_left = -29.0
margin_top = -38.0
margin_right = 45.0
margin_bottom = 36.0
mouse_filter = 2
texture = ExtResource( 2 )

[node name="Tween" type="Tween" parent="."]
[connection signal="pressed" from="BtnBack" to="." method="_on_BtnBack_pressed"]
